<?xml version="1.0" encoding="UTF-8"?><collection><record><leader>09969ntm a2200637 a 4500</leader><controlfield tag="001">006305636</controlfield><controlfield tag="003">MiAaHDL</controlfield><controlfield tag="005">20190719000000.0</controlfield><controlfield tag="006">m        d        </controlfield><controlfield tag="007">cr bn ---auaua</controlfield><controlfield tag="008">090417q15801620xx            00| ||ara d</controlfield><datafield tag="035" ind1=" " ind2=" "><subfield code="a">(MiU)006305636</subfield></datafield><datafield tag="035" ind1=" " ind2=" "><subfield code="a">sdr-miu006305636</subfield></datafield><datafield tag="040" ind1=" " ind2=" "><subfield code="a">MiU</subfield><subfield code="c">MiU</subfield><subfield code="e">amremm</subfield></datafield><datafield tag="043" ind1=" " ind2=" "><subfield code="a">n-us-mi</subfield></datafield><datafield tag="100" ind1="1" ind2=" "><subfield code="6">880-01</subfield><subfield code="a">Akhī Chalabī, Yūsuf ibn Junayd,</subfield><subfield code="d">-approximately 1497.</subfield></datafield><datafield tag="245" ind1="1" ind2="0"><subfield code="6">880-02</subfield><subfield code="a">Dhakhīrat al-ʻuqbá,</subfield><subfield code="f">[late 16th or early 17th century].</subfield></datafield><datafield tag="246" ind1="3" ind2=" "><subfield code="6">880-04</subfield><subfield code="i">Edge title:</subfield><subfield code="a">Dhakhīrat al-ʻuqbá sharḥ Ṣadr al-Sharīʻah</subfield></datafield><datafield tag="246" ind1="3" ind2=" "><subfield code="6">880-03</subfield><subfield code="i">From inscription on front flyleaf:</subfield><subfield code="a">Akhī Chalabī ʻalá Ṣadr al-Sharīʻah</subfield></datafield><datafield tag="260" ind1=" " ind2=" "><subfield code="c">[1580 to 1620].</subfield></datafield><datafield tag="300" ind1=" " ind2=" "><subfield code="a">352 leaves</subfield><subfield code="b">paper ;</subfield><subfield code="c">210 x 150 (155 x 80-95) mm. bound to 210 x 159 mm.</subfield></datafield><datafield tag="500" ind1=" " ind2=" "><subfield code="a">Shelfmark: Ann Arbor, University of Michigan, Special Collections Library, Isl. Ms. 86</subfield></datafield><datafield tag="500" ind1=" " ind2=" "><subfield code="a">Origin: Authorial and scribal colophons appear on p.708, supplied by "Muṣṭafá al-Qāḍī" (qad waqaʻa al-farāgh min tanmīq hādhā al-kitāb...katabahu..."). Authorial colophon mistakenly claims composition begain in the year "91" Hijrī. Opening of scribal colophon (possibly transcribed verbatim from exemplar) suggests that transcription was finished ("qad waqaʻa al-farāgh min taḥrīr hādhā al-kitāb...") first of Rajab 908 [ca. 31 December 1502]. However, the paper, hand, etc. would more likely suggest a dating of late 16th or early 17th century, and perhaps the copyist intended 980 [ca. 7 November 1572] rather than 908.</subfield></datafield><datafield tag="500" ind1=" " ind2=" "><subfield code="a">Accompanying materials: Three slips, all paginated -- a. pp.23-24 blank paper -- b. pp.289-290 text in black ink on one side -- c. pp. 465-466 notes in black ink on one side.</subfield></datafield><datafield tag="500" ind1=" " ind2=" "><subfield code="a">Former shelfmark: British Museum, London "No. 16. Dakhirat al-ukba."</subfield></datafield><datafield tag="500" ind1=" " ind2=" "><subfield code="a">Binding: Pasteboards covered in black leather ; Type II binding (with flap, though only fore edge flap remains) ; board linings in blue and white shell marbled paper ; upper and lower covers bear blind-stamped scalloped mandorla with gold painted accents ; sewn in pink thread, two stations ; endbands in orange and white ; in poor condition, with envelope flap lost, abrasion on all corners of cover, tail end of spine missing and exposing deteriorating primaries.</subfield></datafield><datafield tag="500" ind1=" " ind2=" "><subfield code="a">Support: European laid paper, a few different types ; one with very distinct laid lines (vertical) spaced roughly 9-10 laid lines per cm., chain lines spaced roughly 26-28 mm. apart, lightly burnished ; another thinner, more heavily burnished with roughly 12-13 laid lines per cm. (vertical, very fine and distinct) and chain lines spaced 28 mm. apart ; watermarks include crossbow (see p.220, compare Piccard no.123789), anchor in circle with trefoil above (p.196, compare Heawood 1 and 4) and figure (angel) in circle with "S c C" countermark (p.88/98, etc. matching Piccard no.21419 from Bari, 1587) ; loose leaves at beginning ; first two folia entirely detatched ; repairs made with similarly colored, laid paper ; water damage to head and tail of text, causing smudging of some glosses.</subfield></datafield><datafield tag="500" ind1=" " ind2=" "><subfield code="a">Decoration: Red rule border appears for opening through p.48 ; textual divders in the form of inverted commas, stylized hāʼ, etc. ; text rubricated with keywords, textual dividers, notabilia, etc. in red.</subfield></datafield><datafield tag="500" ind1=" " ind2=" "><subfield code="a">Script: Several different hands, as well as changes in ink and line thickness ; majority in a naskh-nastaʻlīq (talik) with closed counters, superscripting of final words of line, esentially sans serif ; a few other hands in naskh-nastaʻlīq (talik) appear, varying in size and elongation of horizontal strokes, with some exaggeration in thickness ; a few sections are supplied in a more standard naskh, though with slant to the left, mainly closed counters, occasional head-serifs on free-standing alif and initial lām ; hand first appears to change at p.44 and repeatedly thereafter, particularly in the latter quires (see pp.586-610, pp.611-624, pp.625-664, pp.665-684, etc.).</subfield></datafield><datafield tag="500" ind1=" " ind2=" "><subfield code="a">Layout: Written in 21 lines per page ; frame-ruled (impression of ruling board evident).</subfield></datafield><datafield tag="500" ind1=" " ind2=" "><subfield code="a">Collation: I+1 (3), V-1 (12), 3 V(42), IV(50), III(56), 8 V(136), II(140), V(150), VI(162), 3 V(192), IV(200), 3 V(230), II(234), 2 VI(258), V(268), I(270), 7 V(340), VI(352) ; chiefly quinions ; catchwords present (occasionally correspond with second or third rather than first word of following page) ; foliation in Hindu-Arabic numerals in black ink (scribe's hand) starting after incipit (p.11) ; pagination in pencil, Western numerals, supplied during digitization (pagination skips two leaves between p.41 and p.42, and includes inserts).</subfield></datafield><datafield tag="500" ind1=" " ind2=" "><subfield code="a">Colophon: "Authorial" followed by "Scribal," rectangular, "تم بحمد الله وعونه وحسن توفيقه وصلى الله على سيدنا محمد واله وصحبه وسلم قال الشيخ الامام الهمام عفى الله عنه يوسف بن جنيد عفى عنهما الحميد المجيد المدرس في احدى المدارس ... في بلدة القسطنطنية حرسها الله تعالى عن القلوب القاسية هذا اخر ما [...؟] لي في شرح صدر الشريعة المسمى بذخيرة العقبى ... وكان ابتداء التاليف تقريبا في احدى وتسعين [كذا] من الهجرة النبوية على صاحبها افضل الصلاة والسلام الى يوم الحشر والقيام. وقد وقع الفراغ من تحرير هذا الكتاب في اول رجب الفرد بتاريخ سنة ثمان و تسعمائة على يد افقر عباد الله تعالى و اضعفهم و احوجهم الى رحمة رب العالمين . . . قد وقع الفراغ من تنميق هذا الكتاب المسمى ذخيرة العقبى [كذا] الحشية لصدر الشريعة العظمى والمحشي اخي چلبي رحمه الله كتبه الفقير اليه تعالى مصطفى القاضي ..."</subfield></datafield><datafield tag="500" ind1=" " ind2=" "><subfield code="a">Explicit: "وان لم يمتد اعتقاله او لم يعلم اشاراته لم يكن حكمه حكم الاخرين فلا يعتبر اشارته و كتابته الحمد لله الموصل بالاتمام قوله والمقيم الذي لا يموت ولا ينام قوله والكفيل الذي اوصل الارزاق للانام [؟] والعليم الذي يعلم بلا الحاف والزام [؟] والحكيم الذي لا يحكم بين خلقه بالاتقان والاحكام وصلى الله على نبيه المنعوت بالاختتام وعلى اله اصحابه الذين فازوا على قهر العدو بعناية الملك العلام"</subfield></datafield><datafield tag="500" ind1=" " ind2=" "><subfield code="a">Incipit: "الحمد لله الذى شرح صدر الشريعة الغراء ... وبعد فان تكميل النفوس الانسانية بالفضائل القدسية و تحليتها بالخصائل الانسية... فشرعت فيها ثانيا بعد ايابي من تلك الاراضي المقدسة ... وسميتها بذخيرة العقبى في شرح صدر الشريعة العظمى ..."</subfield></datafield><datafield tag="500" ind1=" " ind2=" "><subfield code="a">Title from colophon on p.706 and edge title.</subfield></datafield><datafield tag="500" ind1=" " ind2=" "><subfield code="a">Ms. codex.</subfield></datafield><datafield tag="510" ind1="4" ind2=" "><subfield code="a">Ḥājjī Khalīfah. Kashf al-ẓunūn,</subfield><subfield code="c">iii 327; vi 460</subfield></datafield><datafield tag="510" ind1="4" ind2=" "><subfield code="a">Brockelmann, C. GAL,</subfield><subfield code="c">I, 376; II, 227 ; SII 318</subfield></datafield><datafield tag="520" ind1="8" ind2=" "><subfield code="a">Fine copy of the gloss by Yūsuf ibn Junayd Akhī Chelebi on Sharḥ al-Wiqāyah by Ṣadr al-Sharīʻah al-Aṣghar (al-Thānī) ʻUbayd Allāh ibn Masʻūd al-Maḥbūbī, itself a commentary on Wiqāyat al-riwāyah fī masāʼil al-Hidāyah by Maḥmūd ibn Ṣadr al-Sharīʻah al-Maḥbūbī, an epitome on the celebrated work of Ḥanafī fiqh, al-Hidāyah by ʻAlī ibn Abī Bakr al-Marghīnānī (see Isl. Ms. 97 for another ms. copy of this work). Description provided mainly by Sarah Mirza.</subfield></datafield><datafield tag="538" ind1=" " ind2=" "><subfield code="a">Mode of access: Internet.</subfield></datafield><datafield tag="541" ind1=" " ind2=" "><subfield code="c">Purchase ;</subfield><subfield code="a">Acquired by purchase along with Abdul Hamid Collection (funds donated by Horace Rackham).</subfield><subfield code="d">1924.</subfield></datafield><datafield tag="546" ind1=" " ind2=" "><subfield code="a">Arabic.</subfield></datafield><datafield tag="561" ind1=" " ind2=" "><subfield code="a">Bookplate of British Museum, London on lower cover,"British Museum, London. No. 16. Dakhirat al-ukba." ; circular seal impression with figure of goat/gazelle in purple ink as well as inscription "401" in Western numerals on front flyleaf recto ; on p.7, ownership statement (accompanied by oval seal impression and seal of Solomon inscription with greatest name of God / al-Ism al-Aʻẓam), in name of Muṣṭafá ibn ʻUthmān (Mustafa b. Osman), qāḍī in Çatalca, reads "استصحبه الفقير اليه سبحانه مصطفى بن عثمان القاضي يومئذ بمدينة چتالچه عفى عنهما..." ; also on p.7 nearly effaced statement dated mid-Ramaḍān 1071 [May 1661] ; marginal and interlinear glosses throughout ; numerous interlinear corrections.</subfield></datafield><datafield tag="600" ind1="1" ind2="0"><subfield code="a">Marghīnānī, ʻAlī ibn Abī Bakr,</subfield><subfield code="d">d. 1196 or 7.</subfield><subfield code="t">Hidāyah.</subfield></datafield><datafield tag="600" ind1="1" ind2="0"><subfield code="a">Burhān al-Sharīʻah, Maḥmūd ibn ʻUbayd Allāh,</subfield><subfield code="d">d. 1274 or 5.</subfield><subfield code="t">Wiqāyat al-riwāyah.</subfield></datafield><datafield tag="600" ind1="1" ind2="0"><subfield code="a">Maḥbūbī, ʻUbayd Allāh ibn Masʻūd,</subfield><subfield code="d">-1346 or 1347.</subfield><subfield code="t">Sharḥ al-Wiqāyah.</subfield></datafield><datafield tag="650" ind1=" " ind2="0"><subfield code="a">Manuscripts, Arabic</subfield><subfield code="z">Michigan</subfield><subfield code="z">Ann Arbor.</subfield></datafield><datafield tag="650" ind1=" " ind2="0"><subfield code="a">Hanafites</subfield><subfield code="v">Early works to 1800.</subfield></datafield><datafield tag="650" ind1=" " ind2="0"><subfield code="a">Islamic law</subfield><subfield code="x">Interpretation and construction</subfield><subfield code="v">Early works to 1800.</subfield></datafield><datafield tag="700" ind1="0" ind2=" "><subfield code="6">880-06</subfield><subfield code="a">Mustafa bin Osman,</subfield><subfield code="e">former owner.</subfield></datafield><datafield tag="773" ind1="0" ind2=" "><subfield code="a">Tiflis Collection.</subfield></datafield><datafield tag="880" ind1="0" ind2=" "><subfield code="6">700-06/</subfield><subfield code="a">مصطفى بن عثمان،</subfield><subfield code="e">مالك سابق.</subfield></datafield><datafield tag="880" ind1="3" ind2=" "><subfield code="6">246-04/</subfield><subfield code="a">ذخيرة العقبى شرح صدر الشريعة</subfield></datafield><datafield tag="880" ind1="3" ind2=" "><subfield code="6">246-03/</subfield><subfield code="a">اخي چلبي على صدر الشريعة</subfield></datafield><datafield tag="880" ind1="1" ind2="0"><subfield code="6">245-02/</subfield><subfield code="a">ذخيرة العقبى,</subfield><subfield code="f">[اواخر القرن 16م أو اوائل القرن 17م].</subfield></datafield><datafield tag="880" ind1="1" ind2=" "><subfield code="6">100-01/</subfield><subfield code="a">أخي چلبي، يوسف بن جنيد.</subfield></datafield><datafield tag="CID" ind1=" " ind2=" "><subfield code="a">006305636</subfield></datafield><datafield tag="DAT" ind1="0" ind2=" "><subfield code="a">20190719102634.0</subfield><subfield code="b">20190719000000.0</subfield></datafield><datafield tag="DAT" ind1="1" ind2=" "><subfield code="a">20190719090653.0</subfield><subfield code="b">2019-07-19T16:11:14Z</subfield></datafield><datafield tag="DAT" ind1="2" ind2=" "><subfield code="a">2015-10-02T18:00:03Z</subfield></datafield><datafield tag="CAT" ind1=" " ind2=" "><subfield code="a">SDR-MIU</subfield><subfield code="d">EX LIBRIS - ALEPH</subfield><subfield code="l">prepare.pl-004-008</subfield></datafield><datafield tag="FMT" ind1=" " ind2=" "><subfield code="a">BK</subfield></datafield><datafield tag="HOL" ind1=" " ind2=" "><subfield code="0">sdr-miu006305636</subfield><subfield code="a">MiU</subfield><subfield code="b">SDR</subfield><subfield code="c">MIU</subfield><subfield code="p">mdp.39015079124833</subfield><subfield code="s">MIU</subfield><subfield code="1">006305636</subfield></datafield><datafield tag="974" ind1=" " ind2=" "><subfield code="b">MIU</subfield><subfield code="c">MIU</subfield><subfield code="d">20190719</subfield><subfield code="s">lit-dlps-dc</subfield><subfield code="u">mdp.39015079124833</subfield><subfield code="y">1620</subfield><subfield code="r">pd</subfield><subfield code="q">bib</subfield><subfield code="t">non-US bib date2 &lt; 1896</subfield></datafield></record></collection>